<?xml version="1.0" encoding="UTF-8"?><collection xmlns="http://www.loc.gov/MARC21/slim"><record><leader>00424nam--2200145-i-4500</leader><controlfield tag="001">000012599</controlfield><controlfield tag="002">20161230</controlfield><controlfield tag="005">20161230201029</controlfield><controlfield tag="008">060222s1000------------r-----000-0-eng-d</controlfield><datafield ind1=" " ind2=" " tag="080"><subfield code="a">541.64</subfield></datafield><datafield ind1=" " ind2=" " tag="245"><subfield code="a">Advances in the chemistry of thermally stable polymers</subfield></datafield><datafield ind1=" " ind2=" " tag="260"><subfield code="a">Warszawa, Polish Scientific Publishers, 1977. 156 P</subfield></datafield><datafield ind1=" " ind2=" " tag="490"><subfield code="a">Institute Of Polymer Chemistry - Zabrze</subfield></datafield><datafield ind1=" " ind2=" " tag="700"><subfield code="a">Zbigniew Jedlinski</subfield></datafield><datafield ind1=" " ind2=" " tag="852"><subfield code="a">45883</subfield></datafield></record></collection>